@article{suh2017comparison,
  title={A Comparison of Oversampling Methods on Imbalanced Topic Classification of Korean News Articles.},
  author={Suh, Yirey and Yu, Jaemyung and Mo, Jonghoon and Song, Leegu and Kim, Cheongtag},
  journal={Journal of Cognitive Science},
  volume={18},
  number={4},
  year={2017}
}

@article{kim2014convolutional,
  title={Convolutional neural networks for sentence classification},
  author={Kim, Yoon},
  journal={arXiv preprint arXiv:1408.5882},
  year={2014}
}

@article{jang2019word2vec,
  title={Word2vec convolutional neural networks for classification of news articles and tweets},
  author={Jang, Beakcheol and Kim, Inhwan and Kim, Jong Wook},
  journal={PloS one},
  volume={14},
  number={8},
  pages={e0220976},
  year={2019},
  publisher={Public Library of Science San Francisco, CA USA}
}

@article{rai2022fake,
  title={Fake News Classification using transformer based enhanced LSTM and BERT},
  author={Rai, Nishant and Kumar, Deepika and Kaushik, Naman and Raj, Chandan and Ali, Ahad},
  journal={International Journal of Cognitive Computing in Engineering},
  volume={3},
  pages={98--105},
  year={2022},
  publisher={Elsevier}
}

@inproceedings{audebert2020multimodal,
  title={Multimodal deep networks for text and image-based document classification},
  author={Audebert, Nicolas and Herold, Catherine and Slimani, Kuider and Vidal, C{\'e}dric},
  booktitle={Machine Learning and Knowledge Discovery in Databases: International Workshops of ECML PKDD 2019, W{\"u}rzburg, Germany, September 16--20, 2019, Proceedings, Part I},
  pages={427--443},
  year={2020},
  organization={Springer}
}

@article{yang2003feature,
  title={Feature fusion: parallel strategy vs. serial strategy},
  author={Yang, Jian and Yang, Jing-yu and Zhang, David and Lu, Jian-feng},
  journal={Pattern recognition},
  volume={36},
  number={6},
  pages={1369--1381},
  year={2003},
  publisher={Elsevier}
}

@inproceedings{dai2021attentional,
  title={Attentional feature fusion},
  author={Dai, Yimian and Gieseke, Fabian and Oehmcke, Stefan and Wu, Yiquan and Barnard, Kobus},
  booktitle={Proceedings of the IEEE/CVF winter conference on applications of computer vision},
  pages={3560--3569},
  year={2021}
}

@article{xiao2018deep,
  title={A deep learning-based multi-model ensemble method for cancer prediction},
  author={Xiao, Yawen and Wu, Jun and Lin, Zongli and Zhao, Xiaodong},
  journal={Computer methods and programs in biomedicine},
  volume={153},
  pages={1--9},
  year={2018},
  publisher={Elsevier}
}

@article{corchs2019ensemble,
  title={Ensemble learning on visual and textual data for social image emotion classification},
  author={Corchs, Silvia and Fersini, Elisabetta and Gasparini, Francesca},
  journal={International Journal of Machine Learning and Cybernetics},
  volume={10},
  pages={2057--2070},
  year={2019},
  publisher={Springer}
}

@article{devlin2018bert,
  title={Bert: Pre-training of deep bidirectional transformers for language understanding},
  author={Devlin, Jacob and Chang, Ming-Wei and Lee, Kenton and Toutanova, Kristina},
  journal={arXiv preprint arXiv:1810.04805},
  year={2018}
}

@inproceedings{sharif2014cnn,
  title={CNN features off-the-shelf: an astounding baseline for recognition},
  author={Sharif Razavian, Ali and Azizpour, Hossein and Sullivan, Josephine and Carlsson, Stefan},
  booktitle={Proceedings of the IEEE conference on computer vision and pattern recognition workshops},
  pages={806--813},
  year={2014}
}

@inproceedings{dong2020mobilenetv2,
  title={MobileNetV2 model for image classification},
  author={Dong, Ke and Zhou, Chengjie and Ruan, Yihan and Li, Yuzhi},
  booktitle={2020 2nd International Conference on Information Technology and Computer Application (ITCA)},
  pages={476--480},
  year={2020},
  organization={IEEE}
}