@inproceedings{gasthaus2019probabilistic,
  title={Probabilistic forecasting with spline quantile function RNNs},
  author={Gasthaus, Jan and Benidis, Konstantinos and Wang, Yuyang and Rangapuram, Syama Sundar and Salinas, David and Flunkert, Valentin and Januschowski, Tim},
  booktitle={The 22nd international conference on artificial intelligence and statistics},
  pages={1901--1910},
  year={2019},
  organization={PMLR}
}

@article{Yu2001BayesianQR,
  title={Bayesian quantile regression},
  author={Keming Yu and Rana Moyeed},
  journal={Statistics \& Probability Letters},
  year={2001},
  volume={54},
  pages={437-447}
}

@article{Kingma2013AutoEncodingVB,
  title={Auto-Encoding Variational Bayes},
  author={Diederik P. Kingma and Max Welling},
  journal={CoRR},
  year={2013},
  volume={abs/1312.6114}
}

@article{Xu2019ModelingTD,
  title={Modeling Tabular data using Conditional GAN},
  author={Lei Xu and Maria Skoularidou and Alfredo Cuesta-Infante and Kalyan Veeramachaneni},
  journal={ArXiv},
  year={2019},
  volume={abs/1907.00503}
}

@article{Zhao2021CTABGANET,
  title={CTAB-GAN: Effective Table Data Synthesizing},
  author={Zilong Zhao and Aditya Kunar and Hiek van der Scheer and Robert Birke and Lydia Yiyu Chen},
  journal={ArXiv},
  year={2021},
  volume={abs/2102.08369}
}

@article{Kamthe2021CopulaFF,
  title={Copula Flows for Synthetic Data Generation},
  author={Sanket Kamthe and Samuel A. Assefa and Marc Peter Deisenroth},
  journal={ArXiv},
  year={2021},
  volume={abs/2101.00598}
}

@inproceedings{Angelis2021WhyT1,
  title={Why the 1-Wasserstein distance is the area between the two marginal CDFs},
  author={Marco de Angelis and Ander Gray},
  year={2021}
}

@article{Salimans2017PixelCNNIT,
  title={PixelCNN++: Improving the PixelCNN with Discretized Logistic Mixture Likelihood and Other Modifications},
  author={Tim Salimans and Andrej Karpathy and Xi Chen and Diederik P. Kingma},
  journal={ArXiv},
  year={2017},
  volume={abs/1701.05517}
}

@inproceedings{Takahashi2018StudenttVA,
  title={Student-t Variational Autoencoder for Robust Density Estimation},
  author={Hiroshi Takahashi and Tomoharu Iwata and Yuki Yamanaka and Masanori Yamada and Satoshi Yagi},
  booktitle={International Joint Conference on Artificial Intelligence},
  year={2018}
}

@article{Akrami2020AddressingVS,
  title={Addressing Variance Shrinkage in Variational Autoencoders using Quantile Regression},
  author={Haleh Akrami and Anand A. Joshi and Serg{\"u}l Ayd{\"o}re and Richard M. Leahy},
  journal={ArXiv},
  year={2020},
  volume={abs/2010.09042}
}

@article{Larsen2015AutoencodingBP,
  title={Autoencoding beyond pixels using a learned similarity metric},
  author={Anders Boesen Lindbo Larsen and S{\o}ren Kaae S{\o}nderby and H. Larochelle and Ole Winther},
  journal={ArXiv},
  year={2015},
  volume={abs/1512.09300}
}

@article{Rosca2017VariationalAF,
  title={Variational Approaches for Auto-Encoding Generative Adversarial Networks},
  author={Mihaela Rosca and Balaji Lakshminarayanan and David Warde-Farley and Shakir Mohamed},
  journal={ArXiv},
  year={2017},
  volume={abs/1706.04987}
}

@article{Pu2017SymmetricVA,
  title={Symmetric Variational Autoencoder and Connections to Adversarial Learning},
  author={Yunchen Pu and Liqun Chen and Shuyang Dai and Weiyao Wang and Chunyuan Li and Lawrence Carin},
  journal={ArXiv},
  year={2017},
  volume={abs/1709.01846}
}

@inproceedings{Pu2017AdversarialSV,
  title={Adversarial Symmetric Variational Autoencoder},
  author={Yunchen Pu and Weiyao Wang and Ricardo Henao and Liqun Chen and Zhe Gan and Chunyuan Li and Lawrence Carin},
  booktitle={NIPS},
  year={2017}
}

@article{Mescheder2017AdversarialVB,
  title={Adversarial Variational Bayes: Unifying Variational Autoencoders and Generative Adversarial Networks},
  author={Lars M. Mescheder and Sebastian Nowozin and Andreas Geiger},
  journal={ArXiv},
  year={2017},
  volume={abs/1701.04722}
}

@article{Munjal2019ImplicitDI,
  title={Implicit Discriminator in Variational Autoencoder},
  author={Prateek Munjal and Akanksha Paul and N. C. Krishnan},
  journal={2020 International Joint Conference on Neural Networks (IJCNN)},
  year={2019},
  pages={1-8}
}

@article{Li2020DecomposedAL,
  title={Decomposed Adversarial Learned Inference},
  author={Alexander Hanbo Li and Yaqing Wang and Changyou Chen and Jing Gao},
  journal={ArXiv},
  year={2020},
  volume={abs/2004.10267}
}

@inproceedings{Breugel2021DECAFGF,
  title={DECAF: Generating Fair Synthetic Data Using Causally-Aware Generative Networks},
  author={Boris van Breugel and Trent Kyono and Jeroen Berrevoets and Mihaela van der Schaar},
  booktitle={Neural Information Processing Systems},
  year={2021}
}

@article{Wen2021CausalTGANGT,
  title={Causal-TGAN: Generating Tabular Data Using Causal Generative Adversarial Networks},
  author={Bingyang Wen and Luis Oliveros Colon and K.P. Subbalakshmi and Ramamurti Chandramouli},
  journal={ArXiv},
  year={2021},
  volume={abs/2104.10680}
}

@inproceedings{Goodfellow2014GenerativeAN,
  title={Generative Adversarial Nets},
  author={Ian J. Goodfellow and Jean Pouget-Abadie and Mehdi Mirza and Bing Xu and David Warde-Farley and Sherjil Ozair and Aaron C. Courville and Yoshua Bengio},
  booktitle={NIPS},
  year={2014}
}

@article{Park2018DataSB,
  title={Data Synthesis based on Generative Adversarial Networks},
  author={Noseong Park and Mahmoud Mohammadi and Kshitij Gorde and Sushil Jajodia and Hongkyu Park and Youngmin Kim},
  journal={Proc. VLDB Endow.},
  year={2018},
  volume={11},
  pages={1071-1083}
}

@incollection{NEURIPS2019_9015,
title = {PyTorch: An Imperative Style, High-Performance Deep Learning Library},
author = {Paszke, Adam and Gross, Sam and Massa, Francisco and Lerer, Adam and Bradbury, James and Chanan, Gregory and Killeen, Trevor and Lin, Zeming and Gimelshein, Natalia and Antiga, Luca and Desmaison, Alban and Kopf, Andreas and Yang, Edward and DeVito, Zachary and Raison, Martin and Tejani, Alykhan and Chilamkurthy, Sasank and Steiner, Benoit and Fang, Lu and Bai, Junjie and Chintala, Soumith},
booktitle = {Advances in Neural Information Processing Systems 32},
pages = {8024--8035},
year = {2019},
publisher = {Curran Associates, Inc.},
url = {http://papers.neurips.cc/paper/9015-pytorch-an-imperative-style-high-performance-deep-learning-library.pdf}
}

@inproceedings{Choi2017GeneratingMD,
  title={Generating Multi-label Discrete Patient Records using Generative Adversarial Networks},
  author={E. Choi and Siddharth Biswal and Bradley A. Malin and Jon D. Duke and Walter F. Stewart and Jimeng Sun},
  booktitle={Machine Learning in Health Care},
  year={2017}
}

@article{Shokri2016MembershipIA,
  title={Membership Inference Attacks Against Machine Learning Models},
  author={R. Shokri and Marco Stronati and Congzheng Song and Vitaly Shmatikov},
  journal={2017 IEEE Symposium on Security and Privacy (SP)},
  year={2016},
  pages={3-18}
}

@inproceedings{kingma2014semi,
  title={Semi-supervised learning with deep generative models},
  author={Kingma, Durk P and Mohamed, Shakir and Rezende, Danilo Jimenez and Welling, Max},
  booktitle={Advances in neural information processing systems},
  pages={3581--3589},
  year={2014}
}

@inproceedings{zheng2019disentangling,
  title={Disentangling latent space for vae by label relevant/irrelevant dimensions},
  author={Zheng, Zhilin and Sun, Li},
  booktitle={Proceedings of the IEEE Conference on Computer Vision and Pattern Recognition},
  pages={12192--12201},
  year={2019}
}

@article{Burda2015ImportanceWA,
  title={Importance Weighted Autoencoders},
  author={Yuri Burda and Roger Baker Grosse and Ruslan Salakhutdinov},
  journal={CoRR},
  year={2015},
  volume={abs/1509.00519}
}

@article{Kingma2016ImprovedVI,
  title={Improved Variational Inference with Inverse Autoregressive Flow},
  author={Diederik P. Kingma and Tim Salimans and Max Welling},
  journal={ArXiv},
  year={2016},
  volume={abs/1606.04934}
}

@article{wang2019topic,
  title={Topic-guided variational autoencoders for text generation},
  author={Wang, Wenlin and Gan, Zhe and Xu, Hongteng and Zhang, Ruiyi and Wang, Guoyin and Shen, Dinghan and Chen, Changyou and Carin, Lawrence},
  journal={arXiv preprint arXiv:1903.07137},
  year={2019}
}

@article{Karras2018ASG,
  title={A Style-Based Generator Architecture for Generative Adversarial Networks},
  author={Tero Karras and Samuli Laine and Timo Aila},
  journal={2019 IEEE/CVF Conference on Computer Vision and Pattern Recognition (CVPR)},
  year={2018},
  pages={4396-4405}
}

@article{Gneiting2007StrictlyPS,
  title={Strictly Proper Scoring Rules, Prediction, and Estimation},
  author={Tilmann Gneiting and Adrian E. Raftery},
  journal={Journal of the American Statistical Association},
  year={2007},
  volume={102},
  pages={359 - 378}
}

@article{Matheson1976ScoringRF,
  title={Scoring Rules for Continuous Probability Distributions},
  author={James E. Matheson and Robert L. Winkler},
  journal={Management Science},
  year={1976},
  volume={22},
  pages={1087-1096}
}

@article{wen2021causal,
  title={Causal-TGAN: Generating Tabular Data Using Causal Generative Adversarial Networks},
  author={Wen, Bingyang and Colon, Luis Oliveros and Subbalakshmi, KP and Chandramouli, Rajarathnam},
  journal={arXiv preprint arXiv:2104.10680},
  year={2021}
}

@article{Blei2016VariationalIA,
  title={Variational Inference: A Review for Statisticians},
  author={David M. Blei and Alp Kucukelbir and Jon D. McAuliffe},
  journal={Journal of the American Statistical Association},
  year={2016},
  volume={112},
  pages={859 - 877}
}

@inproceedings{Chen2011ForecastingVU,
  title={Forecasting Value-at-Risk Using Nonlinear Regression Quantiles and the Intra-day Range},
  author={Cathy W. S. Chen and Richard H. Gerlach and Bruce B. K. Hwang and Michael McAleer},
  year={2011}
}

@book{gumbel1954statistical,
  title={Statistical theory of extreme values and some practical applications: a series of lectures},
  author={Gumbel, Emil Julius},
  volume={33},
  year={1954},
  publisher={US Government Printing Office}
}

@article{Li2017AssessingTA,
  title={Assessing the accuracy of predictive models for numerical data: Not r nor r2, why not? Then what?},
  author={Jin Li},
  journal={PLoS ONE},
  year={2017},
  volume={12}
}

@article{Botchkarev2019ANT,
  title={A New Typology Design of Performance Metrics to Measure Errors in Machine Learning Regression Algorithms},
  author={Alexei Botchkarev},
  journal={Interdisciplinary Journal of Information, Knowledge, and Management},
  year={2019}
}

@article{LoweDavid2004DistinctiveIF,
  title={Distinctive Image Features from Scale-Invariant Keypoints},
  author={G LoweDavid},
  journal={International Journal of Computer Vision},
  year={2004}
}

@inproceedings{Lehmann1998ElementsOL,
  title={Elements of large-sample theory},
  author={Erich Leo Lehmann},
  year={1998}
}

@article{Moon2021LearningMQ,
  title={Learning Multiple Quantiles With Neural Networks},
  author={Sangil Moon and Jong-June Jeon and Jason Eng Hun Lee and Yongdai Kim},
  journal={Journal of Computational and Graphical Statistics},
  year={2021},
  volume={30},
  pages={1238 - 1248}
}

@inproceedings{Wang2023GenerativeQR,
  title={Generative Quantile Regression with Variability Penalty},
  author={Shijie Wang and Minsuk Shin and Ray Bai},
  year={2023}
}

@inproceedings{Peters2017ElementsOC,
  title={Elements of Causal Inference: Foundations and Learning Algorithms},
  author={J. Peters and Dominik Janzing and Bernhard Sch{\"o}lkopf},
  year={2017}
}

@inproceedings{Matwin2015ARO,
  title={A Review of Attribute Disclosure Control},
  author={Stan Matwin and Jordi Nin and Morvarid Sehatkar and Tomasz Szapiro},
  booktitle={Advanced Research in Data Privacy},
  year={2015}
}

@article{higgins2016beta,
  title={beta-vae: Learning basic visual concepts with a constrained variational framework},
  author={Higgins, Irina and Matthey, Loic and Pal, Arka and Burgess, Christopher and Glorot, Xavier and Botvinick, Matthew and Mohamed, Shakir and Lerchner, Alexander},
  year={2016}
}

@article{Fang2022OvercomingCO,
  title={Overcoming Challenges of Synthetic Data Generation},
  author={Kevin Fang and Vaikkunth Mugunthan and Vayd Ramkumar and Lalana Kagal},
  journal={2022 IEEE International Conference on Big Data (Big Data)},
  year={2022},
  pages={262-270}
}

@inproceedings{Hernandez2021StandardisedMA,
  title={Standardised Metrics and Methods for Synthetic Tabular Data Evaluation},
  author={Mikel Hernandez and Gorka Epelde and Ane Alberdi and Rodrigo Cilla and Debbie Rankin},
  year={2021}
}

@article{Letizia2022CopulaDN,
  title={Copula Density Neural Estimation},
  author={Nunzio A. Letizia and Andrea M. Tonello},
  journal={ArXiv},
  year={2022},
  volume={abs/2211.15353}
}

@inproceedings{Gutmann2010NoisecontrastiveEA,
  title={Noise-contrastive estimation: A new estimation principle for unnormalized statistical models},
  author={Michael U Gutmann and Aapo Hyv{\"a}rinen},
  booktitle={International Conference on Artificial Intelligence and Statistics},
  year={2010}
}

@inproceedings{Sklar1959FonctionsDR,
  title={Fonctions de repartition a n dimensions et leurs marges},
  author={Martin J. Sklar},
  year={1959}
}

@article{Palaro2004UsingCC,
  title={Using Conditional Copula to Estimate Value at Risk},
  author={Helder P. Palaro and Luiz Koodi Hotta},
  journal={Risk Management},
  year={2004}
}

@inproceedings{Sohn2015LearningSO,
  title={Learning Structured Output Representation using Deep Conditional Generative Models},
  author={Kihyuk Sohn and Honglak Lee and Xinchen Yan},
  booktitle={NIPS},
  year={2015}
}

@article{Sun2023NeuralSS,
  title={Neural Spline Search for Quantile Probabilistic Modeling},
  author={Ruoxi Sun and Chun-Liang Li and Sercan {\"O}. Arik and Michael W. Dusenberry and Chen-Yu Lee and Tomas Pfister},
  journal={ArXiv},
  year={2023},
  volume={abs/2301.04857}
}

@inproceedings{Koenker2007RegressionQ,
  title={Regression Quantiles},
  author={Roger W. Koenker and Gilbert W. Jr. Bassett},
  year={2007}
}

@article{Koenker1994QuantileSS,
  title={Quantile smoothing splines},
  author={Roger W. Koenker and Pin T. Ng and Stephen Portnoy},
  journal={Biometrika},
  year={1994},
  volume={81},
  pages={673-680}
}

@inproceedings{Zhang2021QuantileIR,
  title={Quantile index regression},
  author={Yingying Zhang and Yuefeng Si and Guodong Li and C L Tsai},
  year={2021}
}

@article{Vandeskog2021QuantileBM,
  title={Quantile based modeling of diurnal temperature range with the five‐parameter lambda distribution},
  author={Silius M. Vandeskog and Thordis Linda Thorarinsdottir and Ingelin Steinsland and Finn Lindgren},
  journal={Environmetrics},
  year={2021},
  volume={33}
}


@article{Durkan2019NeuralSF,
  title={Neural Spline Flows},
  author={Conor Durkan and Artur Bekasov and Iain Murray and George Papamakarios},
  journal={ArXiv},
  year={2019},
  volume={abs/1906.04032}
}

@inproceedings{Fourniera2019EstimatingTP,
  title={Estimating the parameters of a generalized lambda distribution},
  author={B. Fourniera and N. Rupina and M. Bigerellec and D. Najjara and A. Iosta and R. Wilcoxd},
  year={2019}
}

@article{Karvanen2006EstimationOQ,
  title={Estimation of quantile mixtures via L-moments and trimmed L-moments},
  author={Juha Karvanen},
  journal={Comput. Stat. Data Anal.},
  year={2006},
  volume={51},
  pages={947-959}
}

@article{Park2021LearningQF,
  title={Learning Quantile Functions without Quantile Crossing for Distribution-free Time Series Forecasting},
  author={Youngsuk Park and Danielle C. Maddix and Franccois-Xavier Aubet and Kelvin K. Kan and Jan Gasthaus and Yuyang Wang},
  journal={ArXiv},
  year={2021},
  volume={abs/2111.06581}
}

@article{Wen2017AMQ,
  title={A Multi-Horizon Quantile Recurrent Forecaster},
  author={Ruofeng Wen and Kari Torkkola and Balakrishnan Narayanaswamy and Dhruv Madeka},
  journal={arXiv: Machine Learning},
  year={2017}
}

@article{Flunkert2017DeepARPF,
  title={DeepAR: Probabilistic Forecasting with Autoregressive Recurrent Networks},
  author={Valentin Flunkert and David Salinas and Jan Gasthaus},
  journal={ArXiv},
  year={2017},
  volume={abs/1704.04110}
}

@inproceedings{Fakoor2021FlexibleMA,
  title={Flexible Model Aggregation for Quantile Regression},
  author={Rasool Fakoor and Tae-Soo Kim and Jonas Mueller and Alexander J. Smola and Ryan J. Tibshirani},
  year={2021}
}

@article{Bracher2020EvaluatingEF,
  title={Evaluating epidemic forecasts in an interval format},
  author={Johannes Bracher and Evan L. Ray and Tilmann Gneiting and Nicholas G. Reich},
  journal={PLoS Computational Biology},
  year={2020},
  volume={17}
}

@article{king1999starship,
  title={A starship estimation method for the generalized lambda distributions},
  author={King, Robert AR and MacGillivray, HL},
  journal={Australian and New Zealand Journal of Statistics},
  volume={41},
  pages={353--374},
  year={1999}
}

@inproceedings{Chalabi2012FlexibleDM,
  title={Flexible distribution modeling with the generalized lambda distribution},
  author={Yohan Chalabi and David John Scott and D. Wu{\^e}rtz},
  year={2012}
}

@article{Dedduwakumara2019AnEE,
  title={An efficient estimator of the parameters of the generalized lambda distribution},
  author={Dilanka Shenal Dedduwakumara and Luke A. Prendergast and Robert G. Staudte},
  journal={Journal of Statistical Computation and Simulation},
  year={2019},
  volume={91},
  pages={197 - 215}
}

@article{Browell2020QuantileCF,
  title={Quantile Combination for the EEM20 Wind Power Forecasting Competition},
  author={Jethro Browell and Ciaran Gilbert and Rosemary Tawn and Leo May},
  journal={2020 17th International Conference on the European Energy Market (EEM)},
  year={2020},
  pages={1-6}
}

@article{Nowotarski2016RecentAI,
  title={Recent advances in electricity price forecasting: A review of probabilistic forecasting},
  author={Jakub Nowotarski and Rafał Weron},
  journal={HSC Research Reports},
  year={2016}
}

@article{Uniejewski2021RegularizedQR,
  title={Regularized quantile regression averaging for probabilistic electricity price forecasting},
  author={Bartosz Uniejewski and Rafał Weron},
  journal={HSC Research Reports},
  year={2021}
}

@article{Freimer1988aSO,
  title={a study of the generalized tukey lambda family},
  author={Marshall L. Freimer and Georgia Kollia and Govind S. Mudholkar and C. Thomas Lin},
  journal={Communications in Statistics-theory and Methods},
  year={1988},
  volume={17},
  pages={3547-3567}
}

@article{dean2013improved,
  title={Improved estimation and regression techniques with the generalised lambda distribution},
  author={Dean, Benjamin},
  journal={PhD. The University of Newcastle, Australia, Faculty of Science and Information Technology},
  year={2013}
}

@article{Knight1998LimitingDF,
  title={Limiting distributions for $L\sb1$ regression estimators under general conditions},
  author={Keith Knight},
  journal={Annals of Statistics},
  year={1998},
  volume={26},
  pages={755-770}
}

@article{Andrews1987CONSISTENCYIN,
  title={CONSISTENCY IN NONLINEAR ECONOMETRIC MODELS: A GENERIC UNIFORM LAW OF LARGE NUMBERS},
  author={Donald W. K. Andrews},
  journal={Econometrica},
  year={1987},
  volume={55},
  pages={1465-1471}
}

@article{makhzani2015adversarial,
  title={Adversarial autoencoders},
  author={Makhzani, Alireza and Shlens, Jonathon and Jaitly, Navdeep and Goodfellow, Ian and Frey, Brendan},
  journal={arXiv preprint arXiv:1511.05644},
  year={2015}
}

@inproceedings{tomczak2018vae,
  title={VAE with a VampPrior},
  author={Tomczak, Jakub and Welling, Max},
  booktitle={International Conference on Artificial Intelligence and Statistics},
  pages={1214--1223},
  year={2018},
  organization={PMLR}
}

@inproceedings{hoffman2016elbo,
  title={Elbo surgery: yet another way to carve up the variational evidence lower bound},
  author={Hoffman, Matthew D and Johnson, Matthew J},
  booktitle={Workshop in Advances in Approximate Bayesian Inference, NIPS},
  volume={1},
  number={2},
  year={2016}
}

@inproceedings{kiran2023comparative,
  title={A Comparative Analysis of GAN and VAE based Synthetic Data Generators for High Dimensional, Imbalanced Tabular data},
  author={Kiran, A and Kumar, S Saravana},
  booktitle={2023 2nd International Conference for Innovation in Technology (INOCON)},
  pages={1--6},
  year={2023},
  organization={IEEE}
}

@article{taylor2019forecasting,
  title={Forecasting value at risk and expected shortfall using a semiparametric approach based on the asymmetric Laplace distribution},
  author={Taylor, James W},
  journal={Journal of Business \& Economic Statistics},
  volume={37},
  number={1},
  pages={121--133},
  year={2019},
  publisher={Taylor \& Francis}
}

@article{Hong2023UniformPR,
  title={Uniform Pessimistic Risk and Optimal Portfolio},
  author={Sungchul Hong and Jong-June Jeon},
  journal={ArXiv},
  year={2023},
  volume={abs/2303.07158}
}

@article{breiman2001random,
  title={Random forests},
  author={Breiman, Leo},
  journal={Machine learning},
  volume={45},
  pages={5--32},
  year={2001},
  publisher={Springer}
}

@article{friedman2001greedy,
  title={Greedy function approximation: a gradient boosting machine},
  author={Friedman, Jerome H},
  journal={Annals of statistics},
  pages={1189--1232},
  year={2001},
  publisher={JSTOR}
}

@inproceedings{Lucas2019DontBT,
  title={Don't Blame the ELBO! A Linear VAE Perspective on Posterior Collapse},
  author={James Lucas and G. Tucker and Roger Baker Grosse and Mohammad Norouzi},
  booktitle={Neural Information Processing Systems},
  year={2019}
}

@article{Detlefsen2019ReliableTA,
  title={Reliable training and estimation of variance networks},
  author={Nicki Skafte Detlefsen and Martin J{\o}rgensen and S{\o}ren Hauberg},
  journal={ArXiv},
  year={2019},
  volume={abs/1906.03260}
}

@article{Dai2019DiagnosingAE,
  title={Diagnosing and Enhancing VAE Models},
  author={Bin Dai and David Paul Wipf},
  journal={ArXiv},
  year={2019},
  volume={abs/1903.05789}
}

@inproceedings{kumar2020implicit,
  title={On Implicit Regularization in $\beta$-VAEs},
  author={Kumar, Abhishek and Poole, Ben},
  booktitle={International Conference on Machine Learning},
  pages={5480--5490},
  year={2020},
  organization={PMLR}
}

@article{Bredell2023ExplicitlyMT,
  title={Explicitly Minimizing the Blur Error of Variational Autoencoders},
  author={Gustav Bredell and Kyriakos Flouris and Krishna Chaitanya and Ertunç Erdil and Ender Konukoglu},
  journal={ArXiv},
  year={2023},
  volume={abs/2304.05939}
}

@article{Castrejn2019ImprovedCV,
  title={Improved Conditional VRNNs for Video Prediction},
  author={Llu{\'i}s Castrej{\'o}n and Nicolas Ballas and Aaron C. Courville},
  journal={2019 IEEE/CVF International Conference on Computer Vision (ICCV)},
  year={2019},
  pages={7607-7616}
}

@article{Lee2019StochasticLA,
  title={Stochastic Latent Actor-Critic: Deep Reinforcement Learning with a Latent Variable Model},
  author={Alex X. Lee and Anusha Nagabandi and P. Abbeel and Sergey Levine},
  journal={ArXiv},
  year={2019},
  volume={abs/1907.00953}
}

@article{Barron2017AGA,
  title={A General and Adaptive Robust Loss Function},
  author={Jonathan T. Barron},
  journal={2019 IEEE/CVF Conference on Computer Vision and Pattern Recognition (CVPR)},
  year={2017},
  pages={4326-4334}
}

@article{Czolbe2020ALF,
  title={A Loss Function for Generative Neural Networks Based on Watson's Perceptual Model},
  author={Steffen Czolbe and Oswin Krause and Ingemar Cox and C. Igel},
  journal={ArXiv},
  year={2020},
  volume={abs/2006.15057}
}

@article{Hou2016DeepFC,
  title={Deep Feature Consistent Variational Autoencoder},
  author={Xianxu Hou and L. Shen and Ke Sun and Guoping Qiu},
  journal={2017 IEEE Winter Conference on Applications of Computer Vision (WACV)},
  year={2016},
  pages={1133-1141}
}

@article{Jiang2020FocalFL,
  title={Focal Frequency Loss for Image Reconstruction and Synthesis},
  author={Liming Jiang and Bo Dai and Wayne Wu and Chen Change Loy},
  journal={2021 IEEE/CVF International Conference on Computer Vision (ICCV)},
  year={2020},
  pages={13899-13909}
}

@inproceedings{
bredell2023explicitly,
title={Explicitly Minimizing the Blur Error of Variational Autoencoders},
author={Gustav Bredell and Kyriakos Flouris and Krishna Chaitanya and Ertunc Erdil and Ender Konukoglu},
booktitle={The Eleventh International Conference on Learning Representations },
year={2023},
url={https://openreview.net/forum?id=9krnQ-ue9M}
}

@inproceedings{Koenker2017HandbookOQ,
  title={Handbook of quantile regression},
  author={Roger W. Koenker and Limin Peng and Victor Chernozhukov and Xuming He},
  year={2017}
}

@article{plataniotis2017gaussian,
  title={Gaussian mixtures and their applications to signal processing},
  author={Plataniotis, Kostantinos N and Hatzinakos, Dimitris},
  journal={Advanced signal processing handbook},
  pages={89--124},
  year={2017},
  publisher={CRC Press}
}

@article{Cannon2018NoncrossingNR,
  title={Non-crossing nonlinear regression quantiles by monotone composite quantile regression neural network, with application to rainfall extremes},
  author={Alex J. Cannon},
  journal={Stochastic Environmental Research and Risk Assessment},
  year={2018},
  volume={32},
  pages={3207-3225}
}

@article{brando2019modelling,
  title={Modelling heterogeneous distributions with an uncountable mixture of asymmetric laplacians},
  author={Brando, Axel and Rodriguez, Jose A and Vitria, Jordi and Rubio Mu{\~n}oz, Alberto},
  journal={Advances in neural information processing systems},
  volume={32},
  year={2019}
}

@article{creswell2018generative,
  title={Generative adversarial networks: An overview},
  author={Creswell, Antonia and White, Tom and Dumoulin, Vincent and Arulkumaran, Kai and Sengupta, Biswa and Bharath, Anil A},
  journal={IEEE signal processing magazine},
  volume={35},
  number={1},
  pages={53--65},
  year={2018},
  publisher={IEEE}
}

@article{wang2017generative,
  title={Generative adversarial networks: introduction and outlook},
  author={Wang, Kunfeng and Gou, Chao and Duan, Yanjie and Lin, Yilun and Zheng, Xinhu and Wang, Fei-Yue},
  journal={IEEE/CAA Journal of Automatica Sinica},
  volume={4},
  number={4},
  pages={588--598},
  year={2017},
  publisher={IEEE}
}

@article{Brock2018LargeSG,
  title={Large Scale GAN Training for High Fidelity Natural Image Synthesis},
  author={Andrew Brock and Jeff Donahue and Karen Simonyan},
  journal={ArXiv},
  year={2018},
  volume={abs/1809.11096}
}

@inproceedings{DiazPinto2018RetinalIS,
  title={Retinal Image Synthesis for Glaucoma Assessment Using DCGAN and VAE Models},
  author={Andr{\'e}s Diaz-Pinto and Adri{\'a}n Colomer and Valery Naranjo and Sandra Morales and Yanwu Xu and Alejandro F Frangi},
  booktitle={Ideal},
  year={2018}
}

@article{deng2012mnist,
  title={The mnist database of handwritten digit images for machine learning research},
  author={Deng, Li},
  journal={IEEE Signal Processing Magazine},
  volume={29},
  number={6},
  pages={141--142},
  year={2012},
  publisher={IEEE}
}

@article{Goncalves2020GenerationAE,
  title={Generation and evaluation of synthetic patient data},
  author={Andre Goncalves and Priyadip Ray and Braden C. Soper and Jennifer L. Stevens and Linda Coyle and Ana Paula Sales},
  journal={BMC Medical Research Methodology},
  year={2020},
  volume={20}
}

@article{Park2021SynthesizingIC,
  title={Synthesizing Individual Consumers' Credit Historical Data Using Generative Adversarial Networks},
  author={Nari Park and Yeong Hyeon Gu and Seong Joon Yoo},
  journal={Applied Sciences},
  year={2021}
}

@article{Kuo2022GeneratingSC,
  title={Generating Synthetic Clinical Data that Capture Class Imbalanced Distributions with Generative Adversarial Networks: Example using Antiretroviral Therapy for HIV},
  author={Nicholas I-Hsien Kuo and Louisa R Jorm and Sebastiano Barbieri},
  journal={ArXiv},
  year={2022},
  volume={abs/2208.08655}
}

@article{Yang2019GroupedCG,
  title={Grouped Correlational Generative Adversarial Networks for Discrete Electronic Health Records},
  author={Fan Yang and Zhongping Yu and Yunfan Liang and Xiaolu Gan and Kaibiao Lin and Quan Zou and Yifeng Zeng},
  journal={2019 IEEE International Conference on Bioinformatics and Biomedicine (BIBM)},
  year={2019},
  pages={906-913}
}

@article{Lu2022MultiLabelCT,
  title={Multi-Label Clinical Time-Series Generation via Conditional GAN},
  author={Chang de Lu and Chandan K. Reddy and Ping Wang and Dong Nie and Yue Ning},
  journal={ArXiv},
  year={2022},
  volume={abs/2204.04797}
}

@article{Camino2018GeneratingMS,
  title={Generating Multi-Categorical Samples with Generative Adversarial Networks},
  author={Ramiro Daniel Camino and Christian A. Hammerschmidt and Radu State},
  journal={ArXiv},
  year={2018},
  volume={abs/1807.01202}
}

@article{LotfiRezaabad2019LearningRB,
  title={Learning Representations by Maximizing Mutual Information in Variational Autoencoders},
  author={Ali Lotfi-Rezaabad and Sriram Vishwanath},
  journal={2020 IEEE International Symposium on Information Theory (ISIT)},
  year={2019},
  pages={2729-2734}
}

@article{Kuo2022TheHG,
  title={The Health Gym: synthetic health-related datasets for the development of reinforcement learning algorithms},
  author={Nicholas I-Hsien Kuo and Mark N. Polizzotto and Simon Finfer and Federico Garcia and Anders S{\"o}nnerborg and Maurizio Zazzi and Michael B{\"o}hm and Louisa R Jorm and Sebastiano Barbieri},
  journal={Scientific Data},
  year={2022},
  volume={9}
}

@article{Li2021GeneratingSM,
  title={Generating Synthetic Mixed-type Longitudinal Electronic Health Records for Artificial Intelligent Applications},
  author={Jin Li and Benjamin J. Cairns and Jingsong Li and Tingting Zhu},
  journal={ArXiv},
  year={2021},
  volume={abs/2112.12047}
}

@inproceedings{Torfi2019GeneratingSH,
  title={Generating Synthetic Healthcare Records Using Convolutional Generative Adversarial Networks},
  author={Amirsina Torfi and Mohammadreza Beyki},
  year={2019}
}


@article{Lee2020GeneratingSE,
  title={Generating sequential electronic health records using dual adversarial autoencoder},
  author={Dongha Lee and Hwanjo Yu and Xiaoqian Jiang and Deevakar Rogith and Meghana Gudala and Mubeen Tejani and Qiuchen Zhang and Li Xiong},
  journal={Journal of the American Medical Informatics Association : JAMIA},
  year={2020},
  volume={27 9},
  pages={
          1411-1419
        }
}


@inproceedings{An2023DistributionalLO,
  title={Distributional Learning of Variational AutoEncoder: Application to Synthetic Data Generation},
  author={Seunghwan An and Jong-June Jeon},
  year={2023}
}

@article{Hjelm2017BoundarySeekingGA,
  title={Boundary-Seeking Generative Adversarial Networks},
  author={R. Devon Hjelm and Athul Paul Jacob and Tong Che and Kyunghyun Cho and Yoshua Bengio},
  journal={ArXiv},
  year={2017},
  volume={abs/1702.08431}
}

@article{Arjovsky2017WassersteinG,
  title={Wasserstein GAN},
  author={Mart{\'i}n Arjovsky and Soumith Chintala and L{\'e}on Bottou},
  journal={ArXiv},
  year={2017},
  volume={abs/1701.07875}
}

@inproceedings{Zhao2017AdversariallyRA,
  title={Adversarially Regularized Autoencoders},
  author={Junbo Jake Zhao and Yoon Kim and Kelly W. Zhang and Alexander M. Rush and Yann LeCun},
  booktitle={International Conference on Machine Learning},
  year={2017}
}

@inproceedings{
jang2017categorical,
title={Categorical Reparameterization with Gumbel-Softmax},
author={Eric Jang and Shixiang Gu and Ben Poole},
booktitle={International Conference on Learning Representations},
year={2017},
url={https://openreview.net/forum?id=rkE3y85ee}
}

@inproceedings{JimenezRezende2014StochasticBA,
  title={Stochastic Backpropagation and Approximate Inference in Deep Generative Models},
  author={Danilo Jimenez Rezende and Shakir Mohamed and Daan Wierstra},
  booktitle={International Conference on Machine Learning},
  year={2014},
  url={https://api.semanticscholar.org/CorpusID:16895865}
}

@article{Sbakan2020OnTE,
  title={On the Effectiveness of Two-Step Learning for Latent-Variable Models},
  author={Yusuf Cem S{\"u}bakan and Maxime Gasse and Laurent Charlin},
  journal={2020 IEEE 30th International Workshop on Machine Learning for Signal Processing (MLSP)},
  year={2020},
  pages={1-6},
  url={https://api.semanticscholar.org/CorpusID:225053066}
}

@article{Tabor2018CramerWoldA,
  title={Cramer-Wold AutoEncoder},
  author={Jacek Tabor and Szymon Knop and Przemyslaw Spurek and Igor T. Podolak and Marcin Mazur and Stanislaw Jastrzebski},
  journal={J. Mach. Learn. Res.},
  year={2018},
  volume={21},
  pages={164:1-164:28},
  url={https://api.semanticscholar.org/CorpusID:43946235}
}

@article{Knop2020GenerativeMW,
  title={Generative models with kernel distance in data space},
  author={Szymon Knop and Marcin Mazur and Przemysław Spurek and Jacek Tabor and Igor T. Podolak},
  journal={ArXiv},
  year={2020},
  volume={abs/2009.07327},
  url={https://api.semanticscholar.org/CorpusID:221739132}
}

@article{Papamakarios2019NormalizingFF,
  title={Normalizing Flows for Probabilistic Modeling and Inference},
  author={George Papamakarios and Eric T. Nalisnick and Danilo Jimenez Rezende and Shakir Mohamed and Balaji Lakshminarayanan},
  journal={J. Mach. Learn. Res.},
  year={2019},
  volume={22},
  pages={57:1-57:64},
  url={https://api.semanticscholar.org/CorpusID:208637478}
}

@article{darlow2018cinic,
  title={Cinic-10 is not imagenet or cifar-10},
  author={Darlow, Luke N and Crowley, Elliot J and Antoniou, Antreas and Storkey, Amos J},
  journal={arXiv preprint arXiv:1810.03505},
  year={2018}
}

@article{Parmar2022HardwareEfficientSB,
  title={Hardware-Efficient Stochastic Binary CNN Architectures for Near-Sensor Computing},
  author={V. Parmar and Bogdan Penkovsky and Damien Querlioz and Manan Suri},
  journal={Frontiers in Neuroscience},
  year={2022},
  volume={15},
  url={https://api.semanticscholar.org/CorpusID:245672213}
}